@article{2003,
  title={两种浮游生物网捕获性能的现场测试},
  author={王荣 and 王克},
  journal={水产学报},
  volume={27},
  number={B09},
  pages={98--102},
  year={2003}
}


@incollection{tang1998automatic,
  title={Automatic plankton image recognition},
  author={Tang, Xiaoou and Stewart, W Kenneth and Vincent, Luc and Huang, HE and Marra, Marty and Gallager, Scott M and Davis, Cabell S},
  booktitle={Artificial Intelligence for Biology and Agriculture},
  pages={177--199},
  year={1998},
  publisher={Springer}
}

@article{gorsky2010digital,
  title={Digital zooplankton image analysis using the ZooScan integrated system},
  author={Gorsky, Gaby and Ohman, Mark D and Picheral, Marc and Gasparini, St{\'e}phane and Stemmann, Lars and Romagnan, Jean-Baptiste and Cawood, Alison and Pesant, St{\'e}phane and Garc{\'\i}a-Comas, Carmen and Prejger, Franck},
  journal={Journal of Plankton Research},
  volume={32},
  number={3},
  pages={285--303},
  year={2010},
  publisher={Oxford Univ Press}
}

@article{sosik2007automated,
  title={Automated taxonomic classification of phytoplankton sampled with imaging-in-flow cytometry},
  author={Sosik, Heidi M and Olson, Robert J},
  journal={Limnol Oceanogr Methods},
  volume={5},
  number={204},
  pages={e216},
  year={2007}
}

@book{du2002automatic,
  title={Automatic diatom identification},
  author={Du Buf, Hans and Bayer, Micha M},
  volume={51},
  year={2002},
  publisher={World Scientific}
}

@article{culverhouse2003experts,
  title={Do experts make mistakes? A comparison of human and machine indentification of dinoflagellates},
  author={Culverhouse, Phil F and Williams, Robert and Reguera, Beatriz and Herry, Vincent and Gonz{\'a}lez-Gil, Sonsoles},
  journal={Marine Ecology Progress Series},
  volume={247},
  pages={17--25},
  year={2003}
}

@article{fukushima1980neocognitron,
  title={Neocognitron: A self-organizing neural network model for a mechanism of pattern recognition unaffected by shift in position},
  author={Fukushima, Kunihiko},
  journal={Biological Cybernetics},
  volume={36},
  number={4},
  pages={193--202},
  year={1980},
  publisher={Springer}
}

@article{lecun1998gradient,
  title={Gradient-based learning applied to document recognition},
  author={LeCun, Yann and Bottou, L{\'e}on and Bengio, Yoshua and Haffner, Patrick},
  journal={Proceedings of the IEEE},
  volume={86},
  number={11},
  pages={2278--2324},
  year={1998},
  publisher={IEEE}
}

@inproceedings{krizhevsky2012imagenet,
  title={Imagenet classification with deep convolutional neural networks},
  author={Krizhevsky, Alex and Sutskever, Ilya and Hinton, Geoffrey E},
  booktitle={Advances in Neural Information Processing Systems},
  pages={1097--1105},
  year={2012}
}

@article{simonyan2014very,
  title={Very deep convolutional networks for large-scale image recognition},
  author={Simonyan, Karen and Zisserman, Andrew},
  journal={arXiv preprint arXiv:1409.1556},
  year={2014}
}

@inproceedings{szegedy2015going,
  title={Going deeper with convolutions},
  author={Szegedy, Christian and Liu, Wei and Jia, Yangqing and Sermanet, Pierre and Reed, Scott and Anguelov, Dragomir and Erhan, Dumitru and Vanhoucke, Vincent and Rabinovich, Andrew},
  booktitle={Proceedings of the IEEE Conference on Computer Vision and Pattern Recognition},
  pages={1--9},
  year={2015}
}

@inproceedings{deng2009imagenet,
  title={Imagenet: A large-scale hierarchical image database},
  author={Deng, Jia and Dong, Wei and Socher, Richard and Li, Li-Jia and Li, Kai and Fei-Fei, Li},
  booktitle={Computer Vision and Pattern Recognition, 2009. CVPR 2009. IEEE Conference on},
  pages={248--255},
  year={2009},
  organization={IEEE}
}

@article{cortes1995support,
  title={Support-vector networks},
  author={Cortes, Corinna and Vapnik, Vladimir},
  journal={Machine Learning},
  volume={20},
  number={3},
  pages={273--297},
  year={1995},
  publisher={Springer}
}

@article{schapire1990strength,
  title={The strength of weak learnability},
  author={Schapire, Robert E},
  journal={Machine Learning},
  volume={5},
  number={2},
  pages={197--227},
  year={1990},
  publisher={Springer}
}

@book{freedman2009statistical,
  title={Statistical models: theory and practice},
  author={Freedman, David A},
  year={2009},
  publisher={Cambridge University Press}
}

@article{hinton2006reducing,
  title={Reducing the dimensionality of data with neural networks},
  author={Hinton, Geoffrey E and Salakhutdinov, Ruslan R},
  journal={Science},
  volume={313},
  number={5786},
  pages={504--507},
  year={2006},
  publisher={American Association for the Advancement of Science}
}


@article{orenstein2015whoi,
  title={Whoi-plankton-a large scale fine grained visual recognition benchmark dataset for plankton classification},
  author={Orenstein, Eric C and Beijbom, Oscar and Peacock, Emily E and Sosik, Heidi M},
  journal={arXiv preprint arXiv:1510.00745},
  year={2015}
}


@article{hinton2006fast,
  title={A fast learning algorithm for deep belief nets},
  author={Hinton, Geoffrey E and Osindero, Simon and Teh, Yee-Whye},
  journal={Neural Computation},
  volume={18},
  number={7},
  pages={1527--1554},
  year={2006},
  publisher={MIT Press}
}

@article{psaltis1988multilayered,
  title={A multilayered neural network controller},
  author={Psaltis, Demetri and Sideris, Athanasios and Yamamura, Alan},
  journal={IEEE Control Systems Magazine},
  volume={8},
  number={2},
  pages={17--21},
  year={1988}
}

@inproceedings{mikolov2010recurrent,
  title={Recurrent neural network based language model.},
  author={Mikolov, Tomas and Karafi{\'a}t, Martin and Burget, Lukas and Cernock{\`y}, Jan and Khudanpur, Sanjeev},
  booktitle={Interspeech},
  volume={2},
  pages={3},
  year={2010}
}

@article{hornik1989multilayer,
  title={Multilayer feedforward networks are universal approximators},
  author={Hornik, Kurt and Stinchcombe, Maxwell and White, Halbert},
  journal={Neural Networks},
  volume={2},
  number={5},
  pages={359--366},
  year={1989},
  publisher={Elsevier}
}

@article{孙志军2012深度学习研究综述,
  title={深度学习研究综述},
  author={孙志军 and 薛磊 and 许阳明 and 王正},
  journal={计算机应用研究},
  volume={29},
  number={8},
  pages={2806--2810},
  year={2012}
}

@article{sun2015deepid3,
  title={Deepid3: Face recognition with very deep neural networks},
  author={Sun, Yi and Liang, Ding and Wang, Xiaogang and Tang, Xiaoou},
  journal={arXiv preprint arXiv:1502.00873},
  year={2015}
}

@article{dahl2012context,
  title={Context-dependent pre-trained deep neural networks for large-vocabulary speech recognition},
  author={Dahl, George E and Yu, Dong and Deng, Li and Acero, Alex},
  journal={IEEE Transactions on Audio, Speech, and Language Processing},
  volume={20},
  number={1},
  pages={30--42},
  year={2012},
  publisher={IEEE}
}

@inproceedings{karpathy2014large,
  title={Large-scale video classification with convolutional neural networks},
  author={Karpathy, Andrej and Toderici, George and Shetty, Sanketh and Leung, Thomas and Sukthankar, Rahul and Fei-Fei, Li},
  booktitle={Proceedings of the IEEE conference on Computer Vision and Pattern Recognition},
  pages={1725--1732},
  year={2014}
}

@article{rumelhart1988learning,
  title={Learning representations by back-propagating errors},
  author={Rumelhart, David E and Hinton, Geoffrey E and Williams, Ronald J},
  journal={Cognitive modeling},
  volume={5},
  number={3},
  pages={1},
  year={1988}
}

@article{hubel1968receptive,
  title={Receptive fields and functional architecture of monkey striate cortex},
  author={Hubel, David H and Wiesel, Torsten N},
  journal={The Journal of Physiology},
  volume={195},
  number={1},
  pages={215--243},
  year={1968},
  publisher={Wiley Online Library}
}

@article{he2015deep,
  title={Deep residual learning for image recognition},
  author={He, Kaiming and Zhang, Xiangyu and Ren, Shaoqing and Sun, Jian},
  journal={arXiv preprint arXiv:1512.03385},
  year={2015}
}

@article{zheng2014automatic,
  title={Automatic setae segmentation from Chaetoceros microscopic images},
  author={Zheng, Haiyong and Zhao, Hongmiao and Sun, Xue and Gao, Huihui and Ji, Guangrong},
  journal={Microscopy Research and Technique},
  volume={77},
  number={9},
  pages={684--690},
  year={2014},
  publisher={Wiley Online Library}
}

@inproceedings{tomasi1998bilateral,
  title={Bilateral filtering for gray and color images},
  author={Tomasi, Carlo and Manduchi, Roberto},
  booktitle={Computer Vision, 1998. Sixth International Conference on},
  pages={839--846},
  year={1998},
  organization={IEEE}
}

@phdthesis{scharr2000optimal,
  title={Optimal operators in digital image processing},
  author={Scharr, Hanno},
  year={2000}
}

@article{canny1986computational,
  title={A computational approach to edge detection},
  author={Canny, John},
  journal={IEEE Transactions on Pattern Analysis and Machine Intelligence},
  number={6},
  pages={679--698},
  year={1986},
  publisher={IEEE}
}

@inproceedings{rother2004grabcut,
  title={Grabcut: Interactive foreground extraction using iterated graph cuts},
  author={Rother, Carsten and Kolmogorov, Vladimir and Blake, Andrew},
  booktitle={ACM transactions on graphics (TOG)},
  volume={23},
  number={3},
  pages={309--314},
  year={2004},
  organization={ACM}
}

@article{davis2005three,
  title={A three-axis fast-tow digital Video Plankton Recorder for rapid surveys of plankton taxa and hydrography},
  author={Davis, Cabell S and Thwaites, Fredrik T and Gallager, Scott M and Hu, Qiao},
  journal={Limnol Oceanogr Methods},
  volume={3},
  pages={59--74},
  year={2005}
}

@article{benfield2007rapid,
  title={RAPID: research on automated plankton identification},
  author={Benfield, Mark C and Grosjean, Philippe and Culverhouse, Phil F and Irigoien, Xabier and Sieracki, Michael E and Lopez-Urrutia, Angel and Dam, Hans G and Hu, Qiao and Davis, Cabell S and Hansen, Allen and others},
  year={2007},
  publisher={Oceanography Society}
}


@article{yang2005comparative,
  title={A comparative evaluation approach for the classification of rotifers with modified non-parametric kNN},
  author={Yang, Chan-Yun and Chou, Jui-Jen},
  journal={Image and Vision Computing},
  volume={23},
  number={4},
  pages={427--439},
  year={2005},
  publisher={Elsevier}
}

@article{jalba2005automatic,
  title={Automatic diatom identification using contour analysis by morphological curvature scale spaces},
  author={Jalba, Andrei C and Wilkinson, Michael HF and Roerdink, Jos BTM and Bayer, Micha M and Juggins, Stephen},
  journal={Machine Vision and Applications},
  volume={16},
  number={4},
  pages={217--228},
  year={2005},
  publisher={Springer}
}

@article{yangrong2006,
  title={基于图像处理技术的浮游生物自动分类研究},
  author={杨榕 and 张荣 and 孙松},
  journal={计算机仿真},
  volume={23},
  number={5},
  pages={167--170},
  year={2006}
}

@article{wangmingshi2004,
  title={显微图像分析技术在赤潮生物识别中的应用},
  author={王明时 and 王学民 and 张磊},
  journal={天津大学学报: 自然科学与工程技术版},
  volume={37},
  number={5},
  pages={392--395},
  year={2004}
}

@article{xulei2003,
  title={赤潮藻的显微图形测量方法研究},
  author={徐雷 and 于连生},
  journal={海洋技术},
  volume={22},
  number={3},
  pages={43--46},
  year={2003}
}

@article{zheng2009,
  title={基于形状特征描述子的赤潮优势种识别研究},
  author={郑少平 and 谢杰镇 and 王博亮 and 江涛},
  year={2009}
}

@article{chencheng2009,
  title={基于浮游植物图像的模糊算子边缘检测算法},
  author={陈成 and 杨晨晖 and 聂文 and 龚元浩},
  year={2009}
}

@phdthesis{qiaoxiaoyan2010,
  title={基于生物形态学的赤潮藻显微图像分割与特征提取研究},
  author={乔小燕 and 姬光荣},
  year={2010},
  school={青岛: 中国海洋大学}
}





